@article{cours-corenthin,
	title={Cours de Sécurité des Systèmes d'Information - Partie 1},
	author={Alex Corenthin},
	pages={5},
	year={2018}
}

@misc{xebia-hashage,
	title={Introduction à la sécurisation des applications web},
	howpublished={\url{https://blog.xebia.fr/2010/12/10/introduction-a-la-securisation-des-applications-web/}}
}

@misc{monde-cryptage,
	title={Bienvenue dans le monde du cryptage},
	howpublished={\url{http://wallu.pagesperso-orange.fr/pag-cryptage.htm}}
}

@misc{signature-wikipedia,
	title={Signature numérique},
	howpublished={\url{https://fr.wikipedia.org/wiki/Signature_num%C3%A9rique}}
}

@misc{whatsapp-usage,
	title={Nombre d'utilisateurs actifs mensuels de WhatsApp dans le monde d'avril 2013 à décembre 2017 (en millions)},
	howpublished={\url{https://fr.statista.com/statistiques/564832/nombre-d-utilisateurs-actifs-mensuels-de-whatsapp}}
}

@misc{consumer-barometer,
	title={Baromètre utilisateurs},
	howpublished={\url{https://www.consumerbarometer.com/en/trending/?countryCode=US&category=TRN-NOFILTER-ALL}}
}

@BOOK{hacker-handbook, 
	title={The Web Application Hacker’s Handbook: Finding and Exploiting Security Flaws, Second Edition},
	author={Dafydd Stuttard, Marcus Pinto},
	publisher={Wiley Inc.},
	edition={Second Edition Binder},
	isbn={978-1-118-02647-2, 978-1-118-17522-4, 978-1-118-17524-8,  978-1-118-17523-1},
	url={https://leaksource.files.wordpress.com/2014/08/the-web-application-hackers-handbook.pdf},
	totalpages={914},
}

@article{cours-crypto-mendy,
	title={Ingénierie de la Cryptographie},
	author={Gervais Mendy},
	pages={5},
	year={2018}
}

